@article{cerami2012cbio,
  title={The cBio Cancer Genomics Portal: An Open Platform for Exploring Multidimensional Cancer Genomics Data},
  author={Cerami, Ethan and Gao, Jianjiong and Dogrusoz, Ugur and Gross, Benjamin E and Sumer, Selcuk Onur and Aksoy, B{\"u}lent Arman and Jacobsen, Anders and Byrne, Caitlin J and Heuer, Michael L and Larsson, Erik and others},
  journal={Cancer Discovery},
  volume={2},
  number={5},
  pages={401--404},
  year={2012},
  publisher={AACR}
}

@article{muzny2012comprehensive,
  title={Comprehensive molecular characterization of human colon and rectal cancer},
  author={Muzny, Donna M and Bainbridge, Matthew N and Chang, Kyle and Dinh, Huyen H and Drummond, Jennifer A and Fowler, Gerald and Kovar, Christie L and Lewis, Lora R and Morgan, Margaret B and Newsham, Irene F and others},
  journal={Nature},
  volume={487},
  pages={330--337},
  year={2012}
}

@article{hammerman2012comprehensive,
  title={Comprehensive genomic characterization of squamous cell lung cancers.},
  author={Hammerman, PS and Hayes, DN and Wilkerson, MD and Schultz, N and Bose, R and Chu, A and Collisson, EA and Cope, L and Creighton, CJ and Getz, G and others},
  journal={Nature},
  volume={489},
  number={7417},
  pages={519--525},
  year={2012}
}

@article{ciriello2013using,
  title={Using MEMo to discover mutual exclusivity modules in cancer},
  author={Ciriello, Giovanni and Cerami, Ethan and Aksoy, Bulent Arman and Sander, Chris and Schultz, Nikolaus},
  journal={Current Protocols in Bioinformatics},
  pages={8--17},
  year={2013},
  publisher={John Wiley \& Sons, Inc.}
}

@article{gao2013integrative,
  title={Integrative Analysis of Complex Cancer Genomics and Clinical Profiles Using the cBioPortal},
  author={Gao, Jianjiong and Aksoy, Bulent Arman and Dogrusoz, Ugur and Dresdner, Gideon and Gross, Benjamin and Sumer, S Onur and Sun, Yichao and Jacobsen, Anders and Sinha, Rileen and Larsson, Erik and others},
  journal={Science Signaling},
  pages={scisignal--2004088v1},
  year={2013},
  publisher={AAAS}
}

@article{cancer2013integrated,
  title={Integrated genomic characterization of endometrial carcinoma},
  author={Cancer Genome Atlas Research Network and others},
  journal={Nature},
  volume={497},
  number={7447},
  pages={67--73},
  year={2013},
  publisher={Nature Publishing Group}
}

@article{aksoy2013pihelper,
  title={PiHelper: an open source framework for drug-target and antibody-target data},
  author={Aksoy, B{\"u}lent Arman and Gao, Jianjiong and Dresdner, Gideon and Wang, Weiqing and Root, Alex and Jing, Xiaohong and Cerami, Ethan and Sander, Chris},
  journal={Bioinformatics},
  pages={btt345},
  year={2013},
  publisher={Oxford University Press}
}

@article{arbiza2013genome,
  title={Genome-wide inference of natural selection on human transcription factor binding sites},
  author={Arbiza, Leonardo and Gronau, Ilan and Aksoy, Bulent A and Hubisz, Melissa J and Gulko, Brad and Keinan, Alon and Siepel, Adam},
  journal={Nature genetics},
  volume={45},
  number={7},
  pages={723--729},
  year={2013},
  publisher={Nature Publishing Group}
}

@article{babur2014pattern,
  title={Pattern search in BioPAX models},
  author={Babur, {\"O}zg{\"u}n and Aksoy, B{\"u}lent Arman and Rodchenkov, Igor and S{\"u}mer, Sel{\c{c}}uk Onur and Sander, Chris and Demir, Emek},
  journal={Bioinformatics},
  volume={30},
  number={1},
  pages={139--140},
  year={2014},
  publisher={Oxford University Press}
}

@article{demir2013using,
  title={Using biological pathway data with Paxtools},
  author={Demir, Emek and Babur, {\"O}zg{\"u}n and Rodchenkov, Igor and Aksoy, B{\"u}lent Arman and Fukuda, Ken I and Gross, Benjamin and S{\"u}mer, Onur Sel{\c{c}}uk and Bader, Gary D and Sander, Chris},
  journal={PLoS computational biology},
  volume={9},
  number={9},
  pages={e1003194},
  year={2013},
  publisher={Public Library of Science}
}

@article{ciriello2013emerging,
  title={Emerging landscape of oncogenic signatures across human cancers},
  author={Ciriello, Giovanni and Miller, Martin L and Aksoy, B{\"u}lent Arman and Senbabaoglu, Yasin and Schultz, Nikolaus and Sander, Chris},
  journal={Nature genetics},
  volume={45},
  number={10},
  pages={1127--1133},
  year={2013},
  publisher={Nature Publishing Group}
}

@article{aksoy2014prediction,
  title={Prediction of individualized therapeutic vulnerabilities in cancer from genomic profiles},
  author={Aksoy, B{\"u}lent Arman and Demir, Emek and Babur, {\"O}zg{\"u}n and Wang, Weiqing and Jing, Xiaohong and Schultz, Nikolaus and Sander, Chris},
  journal={Bioinformatics},
  pages={btu164},
  year={2014},
  publisher={Oxford University Press}
}

@article{aksoy2014cancer,
  title={Cancer-associated recurrent mutations in RNase III domains of DICER1},
  author={Aksoy, B{\"u}lent Arman and Jacobsen, Anders and Fieldhouse, Robert J and Lee, William and Demir, Emek and Ciriello, Giovanni and Schultz, Nikolaus and Marks, Debora S and Sander, Chris},
  journal={bioRxiv},
  year={2014},
  publisher={Cold Spring Harbor Labs Journals}
}

@article{babur2014integrating,
  title={Integrating biological pathways and genomic profiles with ChiBE 2},
  author={Babur, {\"O}zg{\"u}n and Dogrusoz, Ugur and {\c{C}}akir, Merve and Aksoy, Bulent A and Schultz, Nikolaus and Sander, Chris and Demir, Emek},
  journal={BMC genomics},
  volume={15},
  number={1},
  pages={642},
  year={2014},
  publisher={BioMed Central Ltd}
}

@article{korkut2014perturbation,
  title={Perturbation biology models predict c-Myc as an effective co-target in RAF inhibitor resistant melanoma cells},
  author={Korkut, Anil and Wang, Weiqing and Demir, Emek and Aksoy, B{\"u}lent Arman and Jing, Xiaohong and Molinelli, Evan and Babur, {\"O}zg{\"u}n and Bemis, Debra and Solit, David B and Pratilas, Christine and others},
  journal={bioRxiv},
  pages={008201},
  year={2014},
  publisher={Cold Spring Harbor Labs Journals}
}

@article{babur2014systematic,
  title={Systematic identification of cancer driving signaling pathways based on mutual exclusivity of genomic alterations},
  author={Babur, {\"O}zg{\"u}n and G{\"o}nen, Mithat and Aksoy, B{\"u}lent Arman and Schultz, Nikolaus and Ciriello, Giovanni and Sander, Chris and Demir, Emek},
  journal={bioRxiv},
  pages={009878},
  year={2014},
  publisher={Cold Spring Harbor Labs Journals}
}

@article{collisson2014comprehensive,
  title={Comprehensive molecular profiling of lung adenocarcinoma: The cancer genome atlas research network},
  author={Collisson, EA and Campbell, JD and Brooks, AN and Berger, AH and Lee, W and Chmielecki, J and Beer, DG and Cope, L and Creighton, CJ and Danilova, L and others},
  journal={Nature},
  volume={511},
  number={7511},
  pages={543--550},
  year={2014},
  publisher={Nature Publishing Group}
}

@article{parfenov2014characterization,
  title={Characterization of HPV and host genome interactions in primary head and neck cancers},
  author={Parfenov, Michael and Pedamallu, Chandra Sekhar and Gehlenborg, Nils and Freeman, Samuel S and Danilova, Ludmila and Bristow, Christopher A and Lee, Semin and Hadjipanayis, Angela G and Ivanova, Elena V and Wilkerson, Matthew D and others},
  journal={Proceedings of the National Academy of Sciences},
  pages={201416074},
  year={2014},
  publisher={National Acad Sciences}
}

@article{gao2014cbioportal,
  title={The cBioPortal for Cancer Genomics as a clinical decision support tool},
  author={Gao, JianJiong and Aksoy, B Arman and Gross, Benjamin and Dresdner, Gideon and Sun, Yichao and Sumer, S Onur and Sander, Chris and Schultz, Nikolaus},
  journal={Cancer Research},
  volume={74},
  number={19 Supplement},
  pages={4271--4271},
  year={2014},
  publisher={American Association for Cancer Research}
}
